<record><leader>00000nas a2200000 i 4500</leader><controlfield tag="001">891189978</controlfield><controlfield tag="006">m     o  d        </controlfield><controlfield tag="007">cr |||||||||||</controlfield><controlfield tag="008">140924d18751928mouwr neo     0   a0ger  </controlfield><datafield ind1=" " ind2=" " tag="010"><subfield code="a">  2014218600</subfield></datafield><datafield ind1=" " ind2=" " tag="040"><subfield code="a">DLC</subfield><subfield code="b">eng</subfield><subfield code="e">rda</subfield><subfield code="c">DLC</subfield></datafield><datafield ind1="0" ind2=" " tag="022"><subfield code="a">2374-9962</subfield><subfield code="2">1</subfield></datafield><datafield ind1=" " ind2=" " tag="042"><subfield code="a">pcc</subfield><subfield code="a">nsdp</subfield></datafield><datafield ind1=" " ind2=" " tag="043"><subfield code="a">n-us-mo</subfield></datafield><datafield ind1="1" ind2="0" tag="050"><subfield code="a">ISSN RECORD</subfield></datafield><datafield ind1="0" ind2="0" tag="082"><subfield code="a">071</subfield><subfield code="2">23</subfield></datafield><datafield ind1="0" ind2=" " tag="130"><subfield code="a">Hermanner Volksblatt (1875 : Online)</subfield></datafield><datafield ind1=" " ind2="0" tag="222"><subfield code="a">Hermanner Volksblatt</subfield><subfield code="b">(1875. Online)</subfield></datafield><datafield ind1="1" ind2="0" tag="245"><subfield code="a">Hermanner Volksblatt.</subfield></datafield><datafield ind1=" " ind2="1" tag="264"><subfield code="a">Hermann, Mo. :</subfield><subfield code="b">Frau Graf &amp; Comp.</subfield></datafield><datafield ind1=" " ind2=" " tag="300"><subfield code="a">1 online resource</subfield></datafield><datafield ind1=" " ind2=" " tag="310"><subfield code="a">Weekly</subfield></datafield><datafield ind1=" " ind2=" " tag="336"><subfield code="a">text</subfield><subfield code="b">txt</subfield><subfield code="2">rdacontent</subfield></datafield><datafield ind1=" " ind2=" " tag="337"><subfield code="a">computer</subfield><subfield code="b">c</subfield><subfield code="2">rdamedia</subfield></datafield><datafield ind1=" " ind2=" " tag="338"><subfield code="a">online resource</subfield><subfield code="b">cr</subfield><subfield code="2">rdacarrier</subfield></datafield><datafield ind1="1" ind2=" " tag="362"><subfield code="a">Ceased 18. April 1928.</subfield></datafield><datafield ind1=" " ind2=" " tag="546"><subfield code="a">In German.</subfield></datafield><datafield ind1=" " ind2=" " tag="588"><subfield code="a">Description based on: Jahrgang 19, Nummer 13 (18. Februar 1875); title from masthead (Chroniclingamerica.loc.gov, viewed September 24, 2014).</subfield></datafield><datafield ind1=" " ind2=" " tag="588"><subfield code="a">Latest issue consulted: Jahrgang 66, nummer 16 (29. December 1922) (Chroniclingamerica.loc.gov, viewed September 24, 2014).</subfield></datafield><datafield ind1=" " ind2="0" tag="650"><subfield code="a">German Americans</subfield><subfield code="z">Missouri</subfield><subfield code="v">Newspapers.</subfield></datafield><datafield ind1=" " ind2="0" tag="651"><subfield code="a">Hermann (Mo.)</subfield><subfield code="v">Newspapers.</subfield></datafield><datafield ind1=" " ind2="7" tag="650"><subfield code="a">German Americans.</subfield><subfield code="2">fast</subfield><subfield code="0">(OCoLC)fst00941308</subfield></datafield><datafield ind1=" " ind2="7" tag="651"><subfield code="a">Missouri.</subfield><subfield code="2">fast</subfield><subfield code="0">(OCoLC)fst01204724</subfield></datafield><datafield ind1=" " ind2="7" tag="651"><subfield code="a">Missouri</subfield><subfield code="z">Hermann.</subfield><subfield code="2">fast</subfield><subfield code="0">(OCoLC)fst01209224</subfield></datafield><datafield ind1=" " ind2="7" tag="655"><subfield code="a">Newspapers.</subfield><subfield code="2">fast</subfield><subfield code="0">(OCoLC)fst01423814</subfield></datafield><datafield ind1=" " ind2=" " tag="752"><subfield code="a">United States</subfield><subfield code="b">Missouri</subfield><subfield code="c">Gasconade</subfield><subfield code="d">Hermann.</subfield></datafield><datafield ind1="0" ind2="8" tag="776"><subfield code="i">Originally issued in print:</subfield><subfield code="t">Hermanner Volksblatt (1875)</subfield><subfield code="x">2374-9954</subfield><subfield code="w">(DLC)sn 93060116</subfield><subfield code="w">(OCoLC)29402047</subfield></datafield><datafield ind1="0" ind2="0" tag="780"><subfield code="t">Gasconade Zeitung (Hermann, Mo. : Online)</subfield><subfield code="x">2374-6009</subfield><subfield code="w">(DLC)  2014218479</subfield><subfield code="w">(OCoLC)889885617</subfield></datafield><datafield ind1="4" ind2="0" tag="856"><subfield code="u">http://www.loc.gov/chroniclingamerica/lccn/sn93060116/issues</subfield></datafield></record>